@article{mccaskey2021mlir,
  title={{A MLIR Dialect for Quantum Assembly Languages}},
  author={McCaskey, Alexander and Nguyen, Thien},
  journal={arXiv preprint arXiv:2101.11365},
  year={2021},
  archivePrefix={arXiv},
  primaryClass={quant-ph},
  note={Oak Ridge National Laboratory, Quantum Science Center}
}

@inproceedings{lu2023qhls,
  title={{Towards High-Level Synthesis of Quantum Circuits}},
  author={Lu, Chao and Pilato, Christian and Basu, Kanad},
  booktitle={Design, Automation and Test in Europe Conference (DATE)},
  year={2023},
  organization={IEEE},
  note={University of Texas at Dallas and Politecnico di Milano},
  url={https://ieeexplore.ieee.org/document/10137097}
}

@article{ittah2021qiro,
  title={{Enabling Dataflow Optimization for Quantum Programs}},
  author={Ittah, David and H{\"a}ner, Thomas and Kliuchnikov, Vadym and Hoefler, Torsten},
  journal={arXiv preprint arXiv:2101.11030},
  year={2021},
  archivePrefix={arXiv},
  primaryClass={quant-ph},
  note={ETH Zurich and Microsoft Quantum}
}

@misc{bao2023mlir,
  title={{Implementing an Intermediate Representation for Quantum Computing based on MLIR}},
  author={Bao, Li-ming},
  year={2023},
  note={Bachelor's Thesis, Technische Universit{\"a}t M{\"u}nchen, supervised by Prof. Dr. Helmut Seidl, advised by M.Sc. Yannick Stade},
  howpublished={\url{https://doi.org/10.5281/zenodo.XXXXXXX}}  % <-- Replace with actual URL if available
}

@article{ittah2022qiro,
  title={{QIRO: A Static Single Assignment-based Quantum Program Representation for Optimization}},
  author={Ittah, David and H{\"a}ner, Thomas and Kliuchnikov, Vadym and Hoefler, Torsten},
  journal={ACM Transactions on Quantum Computing},
  volume={3},
  number={3},
  pages={1--32},
  year={2022},
  publisher={ACM},
  note={ETH Zurich and Microsoft Quantum}
}

@article{ladd2010quantum,
  title={{Quantum Computers}},
  author={Ladd, T. D. and Jelezko, F. and Laflamme, R. and Nakamura, Y. and Monroe, C. and O'Brien, J. L.},
  journal={Nature},
  volume={464},
  number={7285},
  pages={45--53},
  year={2010},
  publisher={Nature Publishing Group},
  doi={10.1038/nature08812},
  note={Stanford University, Universit{\"a}t Stuttgart, University of Waterloo, NEC Corporation, University of Maryland, University of Bristol}
}

@unpublished{gazzola2025quantumir,
  title={{Quantum Intermediate Representation}},
  author={Gazzola, Daniele and Buda, Filippo and Carugati, Giacomo},
  year={2025},
  note={Unpublished report, Politecnico di Milano}
}

@inproceedings{zulehner2023date,
  title={Quantum high-level synthesis using classical control dataflow graphs},
  author={Zulehner, Alwin and Wille, Robert},
  booktitle={Design, Automation and Test in Europe Conference (DATE)},
  year={2023}
}

